<record xmlns="http://www.loc.gov/MARC21/slim" xmlns:xsi="http://www.w3.org/2001/XMLSchema-instance" xsi:schemaLocation="http://www.loc.gov/MARC21/slim http://www.loc.gov/standards/marcxml/schema/MARC21slim.xsd">

  <leader>01080nam a2200229Ia 4500</leader>
  <datafield ind1=" " tag="999" ind2=" ">
    <subfield code="c">1860</subfield>
    <subfield code="d">1860</subfield>
  </datafield>
  <controlfield tag="008">180514b1993    cr ||||| |||| 00| 0|spa d</controlfield>
  <datafield ind1=" " ind2=" " tag="090">
    <subfield code="a">06.03.07</subfield>
    <subfield code="b"> 111</subfield>
  </datafield>
  <datafield ind1="1" tag="100" ind2=" ">
    <subfield code="a">Hernández Rodríguez, María del Carmen</subfield>
    <subfield code="9">194</subfield>
  </datafield>
  <datafield ind2="0" tag="245" ind1="1">
    <subfield code="a">Estudio psicogénetico de la enseñanza de las ciencias en  el primer ciclo de la enseñanza del SCIIS a las escuelas del cantón de San Ramón / </subfield>
    <subfield code="c">María del Carmen Hernández Rodríguez, Sonia Delgado, Zayra Méndez</subfield>
  </datafield>
  <datafield ind1=" " tag="260" ind2=" ">
    <subfield code="a">San José, Costa Rica : </subfield>
    <subfield code="b">IIMEC, </subfield>
    <subfield code="c">1993</subfield>
  </datafield>
  <datafield tag="300" ind2=" " ind1=" ">
    <subfield code="a">213 páginas</subfield>
  </datafield>
  <datafield ind1=" " tag="500" ind2=" ">
    <subfield code="a">Informe Final Proyecto de Investigación N°724-87-033</subfield>
  </datafield>
  <datafield ind1=" " ind2=" " tag="520">
    <subfield code="a">Este estudio se compone de dos apartados; en el primero de ellos, se expone cómo la metodología participativa que promueve el intercambio social entre investigadores e investigados, es uno de los factores más positivos en la introducción del SCIIS en San Ramón. Por otra parte, se señalan las limitaciones en la aplicación del humanismo-constructivista en la enseñanza de las ciencias, tanto en el ámbito de los procesos de enseñanza como en el desarrollo del currículo y las políticas administrativas. Finalmente, se rescatan los beneficios observados en las aulas en las que se aplicó el proyecto, entre los que sobresalen la estimulación e iniciativa del maestro, la eficaz integración y aplicación de la adecuación curricular y el contacto de los niños con la naturaleza. En segundo lugar, se detalla y describe ampliamente el proyecto aplicado en las escuelas de San Ramón, lo que tiene que ver con la metodología y los cambios observados en los participantes. Descriptores: Aplicación del SCIIS / Enseñanza de las ciencias / Enfoque constructivista y humanista.</subfield>
  </datafield>
  <datafield tag="650" ind2="4" ind1="1">
    <subfield code="a">ENSEÑANZA DE LAS CIENCIAS </subfield>
    <subfield code="9">996</subfield>
  </datafield>
  <datafield tag="650" ind2="4" ind1="1">
    <subfield code="a">EDUCACIÓN PRIMARIA</subfield>
    <subfield code="9">367</subfield>
  </datafield>
  <datafield tag="650" ind2="4" ind1="1">
    <subfield code="a">APRENDIZAJE </subfield>
    <subfield code="9">387</subfield>
  </datafield>
  <datafield ind2="4" tag="650" ind1="1">
    <subfield code="a">METODOLOGÍA</subfield>
    <subfield code="9">285</subfield>
  </datafield>
  <datafield ind1="1" tag="700" ind2=" ">
    <subfield code="a">Delgado Quesada, Sonia</subfield>
    <subfield code="9">185</subfield>
  </datafield>
  <datafield ind1=" " tag="700" ind2=" ">
    <subfield code="a">Méndez Barrantes, Zayra</subfield>
    <subfield code="9">2957</subfield>
  </datafield>
  <datafield ind1=" " tag="942" ind2=" ">
    <subfield code="2">z</subfield>
    <subfield code="c">04</subfield>
  </datafield>
</record>